%YAML 1.1
%TAG !u! tag:unity3d.com,2011:
--- !u!1 &1233596240686756
GameObject:
  m_ObjectHideFlags: 0
  m_CorrespondingSourceObject: {fileID: 0}
  m_PrefabInstance: {fileID: 0}
  m_PrefabAsset: {fileID: 0}
  serializedVersion: 6
  m_Component:
  - component: {fileID: 224799916439811916}
  - component: {fileID: 222791037912718608}
  - component: {fileID: 114223146958810498}
  m_Layer: 5
  m_Name: ImageFondoTexto
  m_TagString: Untagged
  m_Icon: {fileID: 0}
  m_NavMeshLayer: 0
  m_StaticEditorFlags: 0
  m_IsActive: 1
--- !u!224 &224799916439811916
RectTransform:
  m_ObjectHideFlags: 0
  m_CorrespondingSourceObject: {fileID: 0}
  m_PrefabInstance: {fileID: 0}
  m_PrefabAsset: {fileID: 0}
  m_GameObject: {fileID: 1233596240686756}
  m_LocalRotation: {x: -0, y: -0, z: -0, w: 1}
  m_LocalPosition: {x: 0, y: 0, z: 0}
  m_LocalScale: {x: 1, y: 1, z: 1}
  m_Children:
  - {fileID: 1157809727470066917}
  m_Father: {fileID: 224598777248336056}
  m_RootOrder: 1
  m_LocalEulerAnglesHint: {x: 0, y: 0, z: 0}
  m_AnchorMin: {x: 0.05, y: 0.15}
  m_AnchorMax: {x: 0.95, y: 0.865}
  m_AnchoredPosition: {x: 0, y: 0}
  m_SizeDelta: {x: 0, y: 0}
  m_Pivot: {x: 0.5, y: 0.5}
--- !u!222 &222791037912718608
CanvasRenderer:
  m_ObjectHideFlags: 0
  m_CorrespondingSourceObject: {fileID: 0}
  m_PrefabInstance: {fileID: 0}
  m_PrefabAsset: {fileID: 0}
  m_GameObject: {fileID: 1233596240686756}
  m_CullTransparentMesh: 0
--- !u!114 &114223146958810498
MonoBehaviour:
  m_ObjectHideFlags: 0
  m_CorrespondingSourceObject: {fileID: 0}
  m_PrefabInstance: {fileID: 0}
  m_PrefabAsset: {fileID: 0}
  m_GameObject: {fileID: 1233596240686756}
  m_Enabled: 1
  m_EditorHideFlags: 0
  m_Script: {fileID: -765806418, guid: f70555f144d8491a825f0804e09c671c, type: 3}
  m_Name: 
  m_EditorClassIdentifier: 
  m_Material: {fileID: 0}
  m_Color: {r: 1, g: 1, b: 1, a: 1}
  m_RaycastTarget: 0
  m_OnCullStateChanged:
    m_PersistentCalls:
      m_Calls: []
    m_TypeName: UnityEngine.UI.MaskableGraphic+CullStateChangedEvent, UnityEngine.UI,
      Version=1.0.0.0, Culture=neutral, PublicKeyToken=null
  m_Sprite: {fileID: 21300128, guid: 1411ad9b2451db34cbde2d7367324aab, type: 3}
  m_Type: 1
  m_PreserveAspect: 0
  m_FillCenter: 1
  m_FillMethod: 4
  m_FillAmount: 1
  m_FillClockwise: 1
  m_FillOrigin: 0
  m_UseSpriteMesh: 0
--- !u!1 &1336580348411792
GameObject:
  m_ObjectHideFlags: 0
  m_CorrespondingSourceObject: {fileID: 0}
  m_PrefabInstance: {fileID: 0}
  m_PrefabAsset: {fileID: 0}
  serializedVersion: 6
  m_Component:
  - component: {fileID: 224299130370407438}
  - component: {fileID: 222384870699519818}
  - component: {fileID: 114699086305941584}
  m_Layer: 5
  m_Name: ImageCabecera
  m_TagString: Untagged
  m_Icon: {fileID: 0}
  m_NavMeshLayer: 0
  m_StaticEditorFlags: 0
  m_IsActive: 1
--- !u!224 &224299130370407438
RectTransform:
  m_ObjectHideFlags: 0
  m_CorrespondingSourceObject: {fileID: 0}
  m_PrefabInstance: {fileID: 0}
  m_PrefabAsset: {fileID: 0}
  m_GameObject: {fileID: 1336580348411792}
  m_LocalRotation: {x: -0, y: -0, z: -0, w: 1}
  m_LocalPosition: {x: 0, y: 0, z: 0}
  m_LocalScale: {x: 1, y: 1, z: 1}
  m_Children:
  - {fileID: 224282338491480500}
  m_Father: {fileID: 224598777248336056}
  m_RootOrder: 0
  m_LocalEulerAnglesHint: {x: 0, y: 0, z: 0}
  m_AnchorMin: {x: -0.025, y: 0.98}
  m_AnchorMax: {x: 0.94, y: 0.98}
  m_AnchoredPosition: {x: 0, y: 0}
  m_SizeDelta: {x: 0, y: 114}
  m_Pivot: {x: 0.5, y: 0.5}
--- !u!222 &222384870699519818
CanvasRenderer:
  m_ObjectHideFlags: 0
  m_CorrespondingSourceObject: {fileID: 0}
  m_PrefabInstance: {fileID: 0}
  m_PrefabAsset: {fileID: 0}
  m_GameObject: {fileID: 1336580348411792}
  m_CullTransparentMesh: 0
--- !u!114 &114699086305941584
MonoBehaviour:
  m_ObjectHideFlags: 0
  m_CorrespondingSourceObject: {fileID: 0}
  m_PrefabInstance: {fileID: 0}
  m_PrefabAsset: {fileID: 0}
  m_GameObject: {fileID: 1336580348411792}
  m_Enabled: 1
  m_EditorHideFlags: 0
  m_Script: {fileID: -765806418, guid: f70555f144d8491a825f0804e09c671c, type: 3}
  m_Name: 
  m_EditorClassIdentifier: 
  m_Material: {fileID: 0}
  m_Color: {r: 1, g: 1, b: 1, a: 1}
  m_RaycastTarget: 0
  m_OnCullStateChanged:
    m_PersistentCalls:
      m_Calls: []
    m_TypeName: UnityEngine.UI.MaskableGraphic+CullStateChangedEvent, UnityEngine.UI,
      Version=1.0.0.0, Culture=neutral, PublicKeyToken=null
  m_Sprite: {fileID: 21300126, guid: 1411ad9b2451db34cbde2d7367324aab, type: 3}
  m_Type: 1
  m_PreserveAspect: 0
  m_FillCenter: 1
  m_FillMethod: 4
  m_FillAmount: 1
  m_FillClockwise: 1
  m_FillOrigin: 0
  m_UseSpriteMesh: 0
--- !u!1 &1537300889417180
GameObject:
  m_ObjectHideFlags: 0
  m_CorrespondingSourceObject: {fileID: 0}
  m_PrefabInstance: {fileID: 0}
  m_PrefabAsset: {fileID: 0}
  serializedVersion: 6
  m_Component:
  - component: {fileID: 224598777248336056}
  - component: {fileID: 222284897631241102}
  - component: {fileID: 114325241920229286}
  - component: {fileID: 114356764637096668}
  m_Layer: 5
  m_Name: PanelBoxMessageDecision
  m_TagString: Untagged
  m_Icon: {fileID: 0}
  m_NavMeshLayer: 0
  m_StaticEditorFlags: 0
  m_IsActive: 1
--- !u!224 &224598777248336056
RectTransform:
  m_ObjectHideFlags: 0
  m_CorrespondingSourceObject: {fileID: 0}
  m_PrefabInstance: {fileID: 0}
  m_PrefabAsset: {fileID: 0}
  m_GameObject: {fileID: 1537300889417180}
  m_LocalRotation: {x: 0, y: 0, z: 0, w: 1}
  m_LocalPosition: {x: 0, y: 0, z: 0}
  m_LocalScale: {x: 1, y: 1, z: 1}
  m_Children:
  - {fileID: 224299130370407438}
  - {fileID: 224799916439811916}
  - {fileID: 2967394784122856685}
  - {fileID: 865821479039399624}
  m_Father: {fileID: 0}
  m_RootOrder: 0
  m_LocalEulerAnglesHint: {x: 0, y: 0, z: 0}
  m_AnchorMin: {x: 0.5, y: 0.5}
  m_AnchorMax: {x: 0.5, y: 0.5}
  m_AnchoredPosition: {x: 0, y: 0}
  m_SizeDelta: {x: 1200, y: 480}
  m_Pivot: {x: 0.5, y: 0.5}
--- !u!222 &222284897631241102
CanvasRenderer:
  m_ObjectHideFlags: 0
  m_CorrespondingSourceObject: {fileID: 0}
  m_PrefabInstance: {fileID: 0}
  m_PrefabAsset: {fileID: 0}
  m_GameObject: {fileID: 1537300889417180}
  m_CullTransparentMesh: 0
--- !u!114 &114325241920229286
MonoBehaviour:
  m_ObjectHideFlags: 0
  m_CorrespondingSourceObject: {fileID: 0}
  m_PrefabInstance: {fileID: 0}
  m_PrefabAsset: {fileID: 0}
  m_GameObject: {fileID: 1537300889417180}
  m_Enabled: 1
  m_EditorHideFlags: 0
  m_Script: {fileID: -765806418, guid: f70555f144d8491a825f0804e09c671c, type: 3}
  m_Name: 
  m_EditorClassIdentifier: 
  m_Material: {fileID: 0}
  m_Color: {r: 1, g: 1, b: 1, a: 1}
  m_RaycastTarget: 1
  m_OnCullStateChanged:
    m_PersistentCalls:
      m_Calls: []
    m_TypeName: UnityEngine.UI.MaskableGraphic+CullStateChangedEvent, UnityEngine.UI,
      Version=1.0.0.0, Culture=neutral, PublicKeyToken=null
  m_Sprite: {fileID: 21300012, guid: 1411ad9b2451db34cbde2d7367324aab, type: 3}
  m_Type: 1
  m_PreserveAspect: 0
  m_FillCenter: 1
  m_FillMethod: 4
  m_FillAmount: 1
  m_FillClockwise: 1
  m_FillOrigin: 0
  m_UseSpriteMesh: 0
--- !u!114 &114356764637096668
MonoBehaviour:
  m_ObjectHideFlags: 0
  m_CorrespondingSourceObject: {fileID: 0}
  m_PrefabInstance: {fileID: 0}
  m_PrefabAsset: {fileID: 0}
  m_GameObject: {fileID: 1537300889417180}
  m_Enabled: 1
  m_EditorHideFlags: 0
  m_Script: {fileID: 11500000, guid: 9d29309b4decbcc41971e74e949ae584, type: 3}
  m_Name: 
  m_EditorClassIdentifier: 
  prefabPanelImagenFondoVentanaObscura: {fileID: 1782527810967950, guid: ee688f6c8690b344a822e106be0393ca,
    type: 3}
--- !u!1 &1918806624433524
GameObject:
  m_ObjectHideFlags: 0
  m_CorrespondingSourceObject: {fileID: 0}
  m_PrefabInstance: {fileID: 0}
  m_PrefabAsset: {fileID: 0}
  serializedVersion: 6
  m_Component:
  - component: {fileID: 224282338491480500}
  - component: {fileID: 222416770975130672}
  - component: {fileID: 114306850899137144}
  m_Layer: 5
  m_Name: ImageIconoCloudLabs
  m_TagString: Untagged
  m_Icon: {fileID: 0}
  m_NavMeshLayer: 0
  m_StaticEditorFlags: 0
  m_IsActive: 1
--- !u!224 &224282338491480500
RectTransform:
  m_ObjectHideFlags: 0
  m_CorrespondingSourceObject: {fileID: 0}
  m_PrefabInstance: {fileID: 0}
  m_PrefabAsset: {fileID: 0}
  m_GameObject: {fileID: 1918806624433524}
  m_LocalRotation: {x: -0, y: -0, z: -0, w: 1}
  m_LocalPosition: {x: 0, y: 0, z: 0}
  m_LocalScale: {x: 1, y: 1, z: 1}
  m_Children: []
  m_Father: {fileID: 224299130370407438}
  m_RootOrder: 0
  m_LocalEulerAnglesHint: {x: 0, y: 0, z: 0}
  m_AnchorMin: {x: 1, y: 0.5}
  m_AnchorMax: {x: 1, y: 0.5}
  m_AnchoredPosition: {x: -150, y: 0}
  m_SizeDelta: {x: 196, y: 77}
  m_Pivot: {x: 0.5, y: 0.5}
--- !u!222 &222416770975130672
CanvasRenderer:
  m_ObjectHideFlags: 0
  m_CorrespondingSourceObject: {fileID: 0}
  m_PrefabInstance: {fileID: 0}
  m_PrefabAsset: {fileID: 0}
  m_GameObject: {fileID: 1918806624433524}
  m_CullTransparentMesh: 0
--- !u!114 &114306850899137144
MonoBehaviour:
  m_ObjectHideFlags: 0
  m_CorrespondingSourceObject: {fileID: 0}
  m_PrefabInstance: {fileID: 0}
  m_PrefabAsset: {fileID: 0}
  m_GameObject: {fileID: 1918806624433524}
  m_Enabled: 1
  m_EditorHideFlags: 0
  m_Script: {fileID: -765806418, guid: f70555f144d8491a825f0804e09c671c, type: 3}
  m_Name: 
  m_EditorClassIdentifier: 
  m_Material: {fileID: 0}
  m_Color: {r: 1, g: 1, b: 1, a: 1}
  m_RaycastTarget: 0
  m_OnCullStateChanged:
    m_PersistentCalls:
      m_Calls: []
    m_TypeName: UnityEngine.UI.MaskableGraphic+CullStateChangedEvent, UnityEngine.UI,
      Version=1.0.0.0, Culture=neutral, PublicKeyToken=null
  m_Sprite: {fileID: 21300054, guid: 1411ad9b2451db34cbde2d7367324aab, type: 3}
  m_Type: 0
  m_PreserveAspect: 0
  m_FillCenter: 1
  m_FillMethod: 4
  m_FillAmount: 1
  m_FillClockwise: 1
  m_FillOrigin: 0
  m_UseSpriteMesh: 0
--- !u!1001 &5153587743527899393
PrefabInstance:
  m_ObjectHideFlags: 0
  serializedVersion: 2
  m_Modification:
    m_TransformParent: {fileID: 224598777248336056}
    m_Modifications:
    - target: {fileID: 7904753494986838526, guid: e367f04d310338a41877915eb82cf3c6,
        type: 3}
      propertyPath: m_Name
      value: ButtonAccept
      objectReference: {fileID: 0}
    - target: {fileID: 7974596667547907564, guid: e367f04d310338a41877915eb82cf3c6,
        type: 3}
      propertyPath: m_LocalPosition.x
      value: 0
      objectReference: {fileID: 0}
    - target: {fileID: 7974596667547907564, guid: e367f04d310338a41877915eb82cf3c6,
        type: 3}
      propertyPath: m_LocalPosition.y
      value: 0
      objectReference: {fileID: 0}
    - target: {fileID: 7974596667547907564, guid: e367f04d310338a41877915eb82cf3c6,
        type: 3}
      propertyPath: m_LocalPosition.z
      value: 0
      objectReference: {fileID: 0}
    - target: {fileID: 7974596667547907564, guid: e367f04d310338a41877915eb82cf3c6,
        type: 3}
      propertyPath: m_LocalRotation.x
      value: 0
      objectReference: {fileID: 0}
    - target: {fileID: 7974596667547907564, guid: e367f04d310338a41877915eb82cf3c6,
        type: 3}
      propertyPath: m_LocalRotation.y
      value: 0
      objectReference: {fileID: 0}
    - target: {fileID: 7974596667547907564, guid: e367f04d310338a41877915eb82cf3c6,
        type: 3}
      propertyPath: m_LocalRotation.z
      value: 0
      objectReference: {fileID: 0}
    - target: {fileID: 7974596667547907564, guid: e367f04d310338a41877915eb82cf3c6,
        type: 3}
      propertyPath: m_LocalRotation.w
      value: 1
      objectReference: {fileID: 0}
    - target: {fileID: 7974596667547907564, guid: e367f04d310338a41877915eb82cf3c6,
        type: 3}
      propertyPath: m_RootOrder
      value: 2
      objectReference: {fileID: 0}
    - target: {fileID: 7974596667547907564, guid: e367f04d310338a41877915eb82cf3c6,
        type: 3}
      propertyPath: m_LocalEulerAnglesHint.x
      value: 0
      objectReference: {fileID: 0}
    - target: {fileID: 7974596667547907564, guid: e367f04d310338a41877915eb82cf3c6,
        type: 3}
      propertyPath: m_LocalEulerAnglesHint.y
      value: 0
      objectReference: {fileID: 0}
    - target: {fileID: 7974596667547907564, guid: e367f04d310338a41877915eb82cf3c6,
        type: 3}
      propertyPath: m_LocalEulerAnglesHint.z
      value: 0
      objectReference: {fileID: 0}
    - target: {fileID: 7974596667547907564, guid: e367f04d310338a41877915eb82cf3c6,
        type: 3}
      propertyPath: m_AnchoredPosition.x
      value: 217
      objectReference: {fileID: 0}
    - target: {fileID: 7974596667547907564, guid: e367f04d310338a41877915eb82cf3c6,
        type: 3}
      propertyPath: m_AnchoredPosition.y
      value: 0
      objectReference: {fileID: 0}
    - target: {fileID: 7974596667547907564, guid: e367f04d310338a41877915eb82cf3c6,
        type: 3}
      propertyPath: m_SizeDelta.x
      value: 280
      objectReference: {fileID: 0}
    - target: {fileID: 7974596667547907564, guid: e367f04d310338a41877915eb82cf3c6,
        type: 3}
      propertyPath: m_SizeDelta.y
      value: 101
      objectReference: {fileID: 0}
    - target: {fileID: 7974596667547907564, guid: e367f04d310338a41877915eb82cf3c6,
        type: 3}
      propertyPath: m_AnchorMin.x
      value: 0.5
      objectReference: {fileID: 0}
    - target: {fileID: 7974596667547907564, guid: e367f04d310338a41877915eb82cf3c6,
        type: 3}
      propertyPath: m_AnchorMin.y
      value: 0
      objectReference: {fileID: 0}
    - target: {fileID: 7974596667547907564, guid: e367f04d310338a41877915eb82cf3c6,
        type: 3}
      propertyPath: m_AnchorMax.x
      value: 0.5
      objectReference: {fileID: 0}
    - target: {fileID: 7974596667547907564, guid: e367f04d310338a41877915eb82cf3c6,
        type: 3}
      propertyPath: m_AnchorMax.y
      value: 0
      objectReference: {fileID: 0}
    - target: {fileID: 7974596667547907564, guid: e367f04d310338a41877915eb82cf3c6,
        type: 3}
      propertyPath: m_Pivot.x
      value: 0.5
      objectReference: {fileID: 0}
    - target: {fileID: 7974596667547907564, guid: e367f04d310338a41877915eb82cf3c6,
        type: 3}
      propertyPath: m_Pivot.y
      value: 0.5
      objectReference: {fileID: 0}
    - target: {fileID: 7904720677958686682, guid: e367f04d310338a41877915eb82cf3c6,
        type: 3}
      propertyPath: m_Name
      value: Text
      objectReference: {fileID: 0}
    - target: {fileID: 7791887505980922422, guid: e367f04d310338a41877915eb82cf3c6,
        type: 3}
      propertyPath: m_OnClick.m_PersistentCalls.m_Calls.Array.size
      value: 0
      objectReference: {fileID: 0}
    - target: {fileID: 7162916589246232468, guid: e367f04d310338a41877915eb82cf3c6,
        type: 3}
      propertyPath: m_text
      value: PRUEBA
      objectReference: {fileID: 0}
    - target: {fileID: 7162916589246232468, guid: e367f04d310338a41877915eb82cf3c6,
        type: 3}
      propertyPath: m_textInfo.characterCount
      value: 6
      objectReference: {fileID: 0}
    m_RemovedComponents:
    - {fileID: 7791918324753250974, guid: e367f04d310338a41877915eb82cf3c6, type: 3}
  m_SourcePrefab: {fileID: 100100000, guid: e367f04d310338a41877915eb82cf3c6, type: 3}
--- !u!224 &2967394784122856685 stripped
RectTransform:
  m_CorrespondingSourceObject: {fileID: 7974596667547907564, guid: e367f04d310338a41877915eb82cf3c6,
    type: 3}
  m_PrefabInstance: {fileID: 5153587743527899393}
  m_PrefabAsset: {fileID: 0}
--- !u!1001 &7111027022716928804
PrefabInstance:
  m_ObjectHideFlags: 0
  serializedVersion: 2
  m_Modification:
    m_TransformParent: {fileID: 224598777248336056}
    m_Modifications:
    - target: {fileID: 7904753494986838526, guid: e367f04d310338a41877915eb82cf3c6,
        type: 3}
      propertyPath: m_Name
      value: ButtonCancel
      objectReference: {fileID: 0}
    - target: {fileID: 7974596667547907564, guid: e367f04d310338a41877915eb82cf3c6,
        type: 3}
      propertyPath: m_LocalPosition.x
      value: 0
      objectReference: {fileID: 0}
    - target: {fileID: 7974596667547907564, guid: e367f04d310338a41877915eb82cf3c6,
        type: 3}
      propertyPath: m_LocalPosition.y
      value: 0
      objectReference: {fileID: 0}
    - target: {fileID: 7974596667547907564, guid: e367f04d310338a41877915eb82cf3c6,
        type: 3}
      propertyPath: m_LocalPosition.z
      value: 0
      objectReference: {fileID: 0}
    - target: {fileID: 7974596667547907564, guid: e367f04d310338a41877915eb82cf3c6,
        type: 3}
      propertyPath: m_LocalRotation.x
      value: -0
      objectReference: {fileID: 0}
    - target: {fileID: 7974596667547907564, guid: e367f04d310338a41877915eb82cf3c6,
        type: 3}
      propertyPath: m_LocalRotation.y
      value: -0
      objectReference: {fileID: 0}
    - target: {fileID: 7974596667547907564, guid: e367f04d310338a41877915eb82cf3c6,
        type: 3}
      propertyPath: m_LocalRotation.z
      value: -0
      objectReference: {fileID: 0}
    - target: {fileID: 7974596667547907564, guid: e367f04d310338a41877915eb82cf3c6,
        type: 3}
      propertyPath: m_LocalRotation.w
      value: 1
      objectReference: {fileID: 0}
    - target: {fileID: 7974596667547907564, guid: e367f04d310338a41877915eb82cf3c6,
        type: 3}
      propertyPath: m_RootOrder
      value: 3
      objectReference: {fileID: 0}
    - target: {fileID: 7974596667547907564, guid: e367f04d310338a41877915eb82cf3c6,
        type: 3}
      propertyPath: m_LocalEulerAnglesHint.x
      value: 0
      objectReference: {fileID: 0}
    - target: {fileID: 7974596667547907564, guid: e367f04d310338a41877915eb82cf3c6,
        type: 3}
      propertyPath: m_LocalEulerAnglesHint.y
      value: 0
      objectReference: {fileID: 0}
    - target: {fileID: 7974596667547907564, guid: e367f04d310338a41877915eb82cf3c6,
        type: 3}
      propertyPath: m_LocalEulerAnglesHint.z
      value: 0
      objectReference: {fileID: 0}
    - target: {fileID: 7974596667547907564, guid: e367f04d310338a41877915eb82cf3c6,
        type: 3}
      propertyPath: m_AnchoredPosition.x
      value: -217
      objectReference: {fileID: 0}
    - target: {fileID: 7974596667547907564, guid: e367f04d310338a41877915eb82cf3c6,
        type: 3}
      propertyPath: m_AnchoredPosition.y
      value: 0
      objectReference: {fileID: 0}
    - target: {fileID: 7974596667547907564, guid: e367f04d310338a41877915eb82cf3c6,
        type: 3}
      propertyPath: m_SizeDelta.x
      value: 280
      objectReference: {fileID: 0}
    - target: {fileID: 7974596667547907564, guid: e367f04d310338a41877915eb82cf3c6,
        type: 3}
      propertyPath: m_SizeDelta.y
      value: 101
      objectReference: {fileID: 0}
    - target: {fileID: 7974596667547907564, guid: e367f04d310338a41877915eb82cf3c6,
        type: 3}
      propertyPath: m_AnchorMin.x
      value: 0.5
      objectReference: {fileID: 0}
    - target: {fileID: 7974596667547907564, guid: e367f04d310338a41877915eb82cf3c6,
        type: 3}
      propertyPath: m_AnchorMin.y
      value: 0
      objectReference: {fileID: 0}
    - target: {fileID: 7974596667547907564, guid: e367f04d310338a41877915eb82cf3c6,
        type: 3}
      propertyPath: m_AnchorMax.x
      value: 0.5
      objectReference: {fileID: 0}
    - target: {fileID: 7974596667547907564, guid: e367f04d310338a41877915eb82cf3c6,
        type: 3}
      propertyPath: m_AnchorMax.y
      value: 0
      objectReference: {fileID: 0}
    - target: {fileID: 7974596667547907564, guid: e367f04d310338a41877915eb82cf3c6,
        type: 3}
      propertyPath: m_Pivot.x
      value: 0.5
      objectReference: {fileID: 0}
    - target: {fileID: 7974596667547907564, guid: e367f04d310338a41877915eb82cf3c6,
        type: 3}
      propertyPath: m_Pivot.y
      value: 0.5
      objectReference: {fileID: 0}
    - target: {fileID: 7904720677958686682, guid: e367f04d310338a41877915eb82cf3c6,
        type: 3}
      propertyPath: m_Name
      value: Text
      objectReference: {fileID: 0}
    - target: {fileID: 7791887505980922422, guid: e367f04d310338a41877915eb82cf3c6,
        type: 3}
      propertyPath: m_OnClick.m_PersistentCalls.m_Calls.Array.size
      value: 0
      objectReference: {fileID: 0}
    - target: {fileID: 7162916589246232468, guid: e367f04d310338a41877915eb82cf3c6,
        type: 3}
      propertyPath: m_text
      value: PRUEBA
      objectReference: {fileID: 0}
    - target: {fileID: 7162916589246232468, guid: e367f04d310338a41877915eb82cf3c6,
        type: 3}
      propertyPath: m_textInfo.characterCount
      value: 6
      objectReference: {fileID: 0}
    m_RemovedComponents:
    - {fileID: 7791918324753250974, guid: e367f04d310338a41877915eb82cf3c6, type: 3}
  m_SourcePrefab: {fileID: 100100000, guid: e367f04d310338a41877915eb82cf3c6, type: 3}
--- !u!224 &865821479039399624 stripped
RectTransform:
  m_CorrespondingSourceObject: {fileID: 7974596667547907564, guid: e367f04d310338a41877915eb82cf3c6,
    type: 3}
  m_PrefabInstance: {fileID: 7111027022716928804}
  m_PrefabAsset: {fileID: 0}
--- !u!1001 &7565802214283940278
PrefabInstance:
  m_ObjectHideFlags: 0
  serializedVersion: 2
  m_Modification:
    m_TransformParent: {fileID: 224799916439811916}
    m_Modifications:
    - target: {fileID: 8932597792369756807, guid: 8081bfd0aa4d9494083ddfc528c8d888,
        type: 3}
      propertyPath: m_Name
      value: TextGray
      objectReference: {fileID: 0}
    - target: {fileID: 8932597792369756807, guid: 8081bfd0aa4d9494083ddfc528c8d888,
        type: 3}
      propertyPath: m_IsActive
      value: 1
      objectReference: {fileID: 0}
    - target: {fileID: 8714039593413528915, guid: 8081bfd0aa4d9494083ddfc528c8d888,
        type: 3}
      propertyPath: m_LocalPosition.x
      value: 0
      objectReference: {fileID: 0}
    - target: {fileID: 8714039593413528915, guid: 8081bfd0aa4d9494083ddfc528c8d888,
        type: 3}
      propertyPath: m_LocalPosition.y
      value: 0
      objectReference: {fileID: 0}
    - target: {fileID: 8714039593413528915, guid: 8081bfd0aa4d9494083ddfc528c8d888,
        type: 3}
      propertyPath: m_LocalPosition.z
      value: 0
      objectReference: {fileID: 0}
    - target: {fileID: 8714039593413528915, guid: 8081bfd0aa4d9494083ddfc528c8d888,
        type: 3}
      propertyPath: m_LocalRotation.x
      value: -0
      objectReference: {fileID: 0}
    - target: {fileID: 8714039593413528915, guid: 8081bfd0aa4d9494083ddfc528c8d888,
        type: 3}
      propertyPath: m_LocalRotation.y
      value: -0
      objectReference: {fileID: 0}
    - target: {fileID: 8714039593413528915, guid: 8081bfd0aa4d9494083ddfc528c8d888,
        type: 3}
      propertyPath: m_LocalRotation.z
      value: -0
      objectReference: {fileID: 0}
    - target: {fileID: 8714039593413528915, guid: 8081bfd0aa4d9494083ddfc528c8d888,
        type: 3}
      propertyPath: m_LocalRotation.w
      value: 1
      objectReference: {fileID: 0}
    - target: {fileID: 8714039593413528915, guid: 8081bfd0aa4d9494083ddfc528c8d888,
        type: 3}
      propertyPath: m_RootOrder
      value: 0
      objectReference: {fileID: 0}
    - target: {fileID: 8714039593413528915, guid: 8081bfd0aa4d9494083ddfc528c8d888,
        type: 3}
      propertyPath: m_LocalEulerAnglesHint.x
      value: 0
      objectReference: {fileID: 0}
    - target: {fileID: 8714039593413528915, guid: 8081bfd0aa4d9494083ddfc528c8d888,
        type: 3}
      propertyPath: m_LocalEulerAnglesHint.y
      value: 0
      objectReference: {fileID: 0}
    - target: {fileID: 8714039593413528915, guid: 8081bfd0aa4d9494083ddfc528c8d888,
        type: 3}
      propertyPath: m_LocalEulerAnglesHint.z
      value: 0
      objectReference: {fileID: 0}
    - target: {fileID: 8714039593413528915, guid: 8081bfd0aa4d9494083ddfc528c8d888,
        type: 3}
      propertyPath: m_AnchoredPosition.x
      value: 0
      objectReference: {fileID: 0}
    - target: {fileID: 8714039593413528915, guid: 8081bfd0aa4d9494083ddfc528c8d888,
        type: 3}
      propertyPath: m_AnchoredPosition.y
      value: 0
      objectReference: {fileID: 0}
    - target: {fileID: 8714039593413528915, guid: 8081bfd0aa4d9494083ddfc528c8d888,
        type: 3}
      propertyPath: m_SizeDelta.x
      value: -70
      objectReference: {fileID: 0}
    - target: {fileID: 8714039593413528915, guid: 8081bfd0aa4d9494083ddfc528c8d888,
        type: 3}
      propertyPath: m_SizeDelta.y
      value: 0
      objectReference: {fileID: 0}
    - target: {fileID: 8714039593413528915, guid: 8081bfd0aa4d9494083ddfc528c8d888,
        type: 3}
      propertyPath: m_AnchorMin.x
      value: 0
      objectReference: {fileID: 0}
    - target: {fileID: 8714039593413528915, guid: 8081bfd0aa4d9494083ddfc528c8d888,
        type: 3}
      propertyPath: m_AnchorMin.y
      value: 0
      objectReference: {fileID: 0}
    - target: {fileID: 8714039593413528915, guid: 8081bfd0aa4d9494083ddfc528c8d888,
        type: 3}
      propertyPath: m_AnchorMax.x
      value: 1
      objectReference: {fileID: 0}
    - target: {fileID: 8714039593413528915, guid: 8081bfd0aa4d9494083ddfc528c8d888,
        type: 3}
      propertyPath: m_AnchorMax.y
      value: 1
      objectReference: {fileID: 0}
    - target: {fileID: 8714039593413528915, guid: 8081bfd0aa4d9494083ddfc528c8d888,
        type: 3}
      propertyPath: m_Pivot.x
      value: 0.5
      objectReference: {fileID: 0}
    - target: {fileID: 8714039593413528915, guid: 8081bfd0aa4d9494083ddfc528c8d888,
        type: 3}
      propertyPath: m_Pivot.y
      value: 0.5
      objectReference: {fileID: 0}
    - target: {fileID: 6021833785074250138, guid: 8081bfd0aa4d9494083ddfc528c8d888,
        type: 3}
      propertyPath: m_textInfo.lineCount
      value: 5
      objectReference: {fileID: 0}
    - target: {fileID: 6021833785074250138, guid: 8081bfd0aa4d9494083ddfc528c8d888,
        type: 3}
      propertyPath: m_textAlignment
      value: 258
      objectReference: {fileID: 0}
    m_RemovedComponents:
    - {fileID: 8819607831996561015, guid: 8081bfd0aa4d9494083ddfc528c8d888, type: 3}
  m_SourcePrefab: {fileID: 100100000, guid: 8081bfd0aa4d9494083ddfc528c8d888, type: 3}
--- !u!224 &1157809727470066917 stripped
RectTransform:
  m_CorrespondingSourceObject: {fileID: 8714039593413528915, guid: 8081bfd0aa4d9494083ddfc528c8d888,
    type: 3}
  m_PrefabInstance: {fileID: 7565802214283940278}
  m_PrefabAsset: {fileID: 0}
