%YAML 1.1
%TAG !u! tag:unity3d.com,2011:
--- !u!1 &1876319392829965196
GameObject:
  m_ObjectHideFlags: 0
  m_CorrespondingSourceObject: {fileID: 0}
  m_PrefabInstance: {fileID: 0}
  m_PrefabAsset: {fileID: 0}
  serializedVersion: 6
  m_Component:
  - component: {fileID: 3280129560825664448}
  - component: {fileID: 2692890605455607821}
  - component: {fileID: 8585114066652305667}
  - component: {fileID: 6914791165786542536}
  - component: {fileID: 8345214484856330334}
  m_Layer: 5
  m_Name: PanelPreparacionSuelo
  m_TagString: Untagged
  m_Icon: {fileID: 0}
  m_NavMeshLayer: 0
  m_StaticEditorFlags: 0
  m_IsActive: 0
--- !u!224 &3280129560825664448
RectTransform:
  m_ObjectHideFlags: 0
  m_CorrespondingSourceObject: {fileID: 0}
  m_PrefabInstance: {fileID: 0}
  m_PrefabAsset: {fileID: 0}
  m_GameObject: {fileID: 1876319392829965196}
  m_LocalRotation: {x: -0, y: -0, z: -0, w: 1}
  m_LocalPosition: {x: 0, y: 0, z: 0}
  m_LocalScale: {x: 1, y: 1, z: 1}
  m_Children:
  - {fileID: 4229904500236823197}
  - {fileID: 6467516565450226522}
  - {fileID: 1119048717164124498}
  m_Father: {fileID: 0}
  m_RootOrder: 0
  m_LocalEulerAnglesHint: {x: 0, y: 0, z: 0}
  m_AnchorMin: {x: 0.5, y: 0.5}
  m_AnchorMax: {x: 0.5, y: 0.5}
  m_AnchoredPosition: {x: 0, y: 0}
  m_SizeDelta: {x: 1035.4, y: 674}
  m_Pivot: {x: 0.5, y: 0.5}
--- !u!222 &2692890605455607821
CanvasRenderer:
  m_ObjectHideFlags: 0
  m_CorrespondingSourceObject: {fileID: 0}
  m_PrefabInstance: {fileID: 0}
  m_PrefabAsset: {fileID: 0}
  m_GameObject: {fileID: 1876319392829965196}
  m_CullTransparentMesh: 0
--- !u!114 &8585114066652305667
MonoBehaviour:
  m_ObjectHideFlags: 0
  m_CorrespondingSourceObject: {fileID: 0}
  m_PrefabInstance: {fileID: 0}
  m_PrefabAsset: {fileID: 0}
  m_GameObject: {fileID: 1876319392829965196}
  m_Enabled: 1
  m_EditorHideFlags: 0
  m_Script: {fileID: -765806418, guid: f70555f144d8491a825f0804e09c671c, type: 3}
  m_Name: 
  m_EditorClassIdentifier: 
  m_Material: {fileID: 0}
  m_Color: {r: 1, g: 1, b: 1, a: 1}
  m_RaycastTarget: 1
  m_OnCullStateChanged:
    m_PersistentCalls:
      m_Calls: []
    m_TypeName: UnityEngine.UI.MaskableGraphic+CullStateChangedEvent, UnityEngine.UI,
      Version=1.0.0.0, Culture=neutral, PublicKeyToken=null
  m_Sprite: {fileID: 21300032, guid: 6e643a6b265ae954db59a34b0c3754b4, type: 3}
  m_Type: 1
  m_PreserveAspect: 0
  m_FillCenter: 1
  m_FillMethod: 4
  m_FillAmount: 1
  m_FillClockwise: 1
  m_FillOrigin: 0
  m_UseSpriteMesh: 0
--- !u!225 &6914791165786542536
CanvasGroup:
  m_ObjectHideFlags: 0
  m_CorrespondingSourceObject: {fileID: 0}
  m_PrefabInstance: {fileID: 0}
  m_PrefabAsset: {fileID: 0}
  m_GameObject: {fileID: 1876319392829965196}
  m_Enabled: 1
  m_Alpha: 1
  m_Interactable: 1
  m_BlocksRaycasts: 1
  m_IgnoreParentGroups: 0
--- !u!114 &8345214484856330334
MonoBehaviour:
  m_ObjectHideFlags: 0
  m_CorrespondingSourceObject: {fileID: 0}
  m_PrefabInstance: {fileID: 0}
  m_PrefabAsset: {fileID: 0}
  m_GameObject: {fileID: 1876319392829965196}
  m_Enabled: 1
  m_EditorHideFlags: 0
  m_Script: {fileID: 11500000, guid: 0df5e00df77d42f1896d5144d813a4ae, type: 3}
  m_Name: 
  m_EditorClassIdentifier: 
  soAnimationsCurvePanelUI: {fileID: 11400000, guid: f4a492932eae0c2418d1602bcd557c5c,
    type: 2}
  soImageBackgroundPanelConfiguration: {fileID: 11400000, guid: 6d9e87281e7bf434a9819cb7856cb299,
    type: 2}
  callEventOnShow: 0
  seShowPanel: {fileID: 0}
  callEventHidde: 0
  seHiddePanel: {fileID: 0}
--- !u!1 &7002215112019860314
GameObject:
  m_ObjectHideFlags: 0
  m_CorrespondingSourceObject: {fileID: 0}
  m_PrefabInstance: {fileID: 0}
  m_PrefabAsset: {fileID: 0}
  serializedVersion: 6
  m_Component:
  - component: {fileID: 7002215112019860315}
  - component: {fileID: 7002215112019860309}
  - component: {fileID: 7002215112019860308}
  - component: {fileID: 6985980281292254676}
  m_Layer: 5
  m_Name: TextContenidoPreparacionSuelo
  m_TagString: Untagged
  m_Icon: {fileID: 0}
  m_NavMeshLayer: 0
  m_StaticEditorFlags: 0
  m_IsActive: 1
--- !u!224 &7002215112019860315
RectTransform:
  m_ObjectHideFlags: 0
  m_CorrespondingSourceObject: {fileID: 0}
  m_PrefabInstance: {fileID: 0}
  m_PrefabAsset: {fileID: 0}
  m_GameObject: {fileID: 7002215112019860314}
  m_LocalRotation: {x: 0, y: 0, z: 0, w: 1}
  m_LocalPosition: {x: 0, y: 0, z: 0}
  m_LocalScale: {x: 1, y: 1, z: 1}
  m_Children:
  - {fileID: 7002215113135789010}
  m_Father: {fileID: 6467516565450226522}
  m_RootOrder: 0
  m_LocalEulerAnglesHint: {x: 0, y: 0, z: 0}
  m_AnchorMin: {x: 0, y: 0.5}
  m_AnchorMax: {x: 1, y: 0.5}
  m_AnchoredPosition: {x: 0, y: 196.9}
  m_SizeDelta: {x: 0, y: 128.3}
  m_Pivot: {x: 0.5, y: 0.5}
--- !u!222 &7002215112019860309
CanvasRenderer:
  m_ObjectHideFlags: 0
  m_CorrespondingSourceObject: {fileID: 0}
  m_PrefabInstance: {fileID: 0}
  m_PrefabAsset: {fileID: 0}
  m_GameObject: {fileID: 7002215112019860314}
  m_CullTransparentMesh: 0
--- !u!114 &7002215112019860308
MonoBehaviour:
  m_ObjectHideFlags: 0
  m_CorrespondingSourceObject: {fileID: 0}
  m_PrefabInstance: {fileID: 0}
  m_PrefabAsset: {fileID: 0}
  m_GameObject: {fileID: 7002215112019860314}
  m_Enabled: 1
  m_EditorHideFlags: 0
  m_Script: {fileID: 11500000, guid: f4688fdb7df04437aeb418b961361dc5, type: 3}
  m_Name: 
  m_EditorClassIdentifier: 
  m_Material: {fileID: 0}
  m_Color: {r: 1, g: 1, b: 1, a: 1}
  m_RaycastTarget: 1
  m_OnCullStateChanged:
    m_PersistentCalls:
      m_Calls: []
    m_TypeName: UnityEngine.UI.MaskableGraphic+CullStateChangedEvent, UnityEngine.UI,
      Version=1.0.0.0, Culture=neutral, PublicKeyToken=null
  m_text: "<b>Seleccione si se instalar\xE1 un analizador de suelos y si realizar\xE1
    una preparaci\xF3n inicial del suelo</b>\n(Puede seleccionar ambos)"
  m_isRightToLeft: 0
  m_fontAsset: {fileID: 11400000, guid: 547c6e58081a4c04092e90e04a86539c, type: 2}
  m_sharedMaterial: {fileID: 21812228839554892, guid: 547c6e58081a4c04092e90e04a86539c,
    type: 2}
  m_fontSharedMaterials: []
  m_fontMaterial: {fileID: 0}
  m_fontMaterials: []
  m_fontColor32:
    serializedVersion: 2
    rgba: 4284243034
  m_fontColor: {r: 0.3529412, g: 0.36078432, b: 0.36078432, a: 1}
  m_enableVertexGradient: 0
  m_colorMode: 3
  m_fontColorGradient:
    topLeft: {r: 1, g: 1, b: 1, a: 1}
    topRight: {r: 1, g: 1, b: 1, a: 1}
    bottomLeft: {r: 1, g: 1, b: 1, a: 1}
    bottomRight: {r: 1, g: 1, b: 1, a: 1}
  m_fontColorGradientPreset: {fileID: 0}
  m_spriteAsset: {fileID: 0}
  m_tintAllSprites: 0
  m_overrideHtmlColors: 0
  m_faceColor:
    serializedVersion: 2
    rgba: 4294967295
  m_outlineColor:
    serializedVersion: 2
    rgba: 4278190080
  m_fontSize: 33
  m_fontSizeBase: 33
  m_fontWeight: 400
  m_enableAutoSizing: 0
  m_fontSizeMin: 18
  m_fontSizeMax: 72
  m_fontStyle: 0
  m_textAlignment: 258
  m_characterSpacing: 0
  m_wordSpacing: 0
  m_lineSpacing: 0
  m_lineSpacingMax: 0
  m_paragraphSpacing: 0
  m_charWidthMaxAdj: 0
  m_enableWordWrapping: 1
  m_wordWrappingRatios: 0.4
  m_overflowMode: 0
  m_firstOverflowCharacterIndex: -1
  m_linkedTextComponent: {fileID: 0}
  m_isLinkedTextComponent: 0
  m_isTextTruncated: 0
  m_enableKerning: 1
  m_enableExtraPadding: 0
  checkPaddingRequired: 0
  m_isRichText: 1
  m_parseCtrlCharacters: 1
  m_isOrthographic: 1
  m_isCullingEnabled: 0
  m_ignoreRectMaskCulling: 0
  m_ignoreCulling: 1
  m_horizontalMapping: 0
  m_verticalMapping: 0
  m_uvLineOffset: 0
  m_geometrySortingOrder: 0
  m_VertexBufferAutoSizeReduction: 1
  m_firstVisibleCharacter: 0
  m_useMaxVisibleDescender: 1
  m_pageToDisplay: 1
  m_margin: {x: 0, y: 0, z: 0, w: 0}
  m_textInfo:
    textComponent: {fileID: 7002215112019860308}
    characterCount: 125
    spriteCount: 0
    spaceCount: 18
    wordCount: 19
    linkCount: 0
    lineCount: 3
    pageCount: 1
    materialCount: 1
  m_isUsingLegacyAnimationComponent: 0
  m_isVolumetricText: 0
  m_spriteAnimator: {fileID: 0}
  m_hasFontAssetChanged: 0
  m_subTextObjects:
  - {fileID: 0}
  - {fileID: 7002215113135789011}
  - {fileID: 0}
  - {fileID: 0}
  - {fileID: 0}
  - {fileID: 0}
  - {fileID: 0}
  - {fileID: 0}
  m_baseMaterial: {fileID: 0}
  m_maskOffset: {x: 0, y: 0, z: 0, w: 0}
--- !u!114 &6985980281292254676
MonoBehaviour:
  m_ObjectHideFlags: 0
  m_CorrespondingSourceObject: {fileID: 0}
  m_PrefabInstance: {fileID: 0}
  m_PrefabAsset: {fileID: 0}
  m_GameObject: {fileID: 7002215112019860314}
  m_Enabled: 1
  m_EditorHideFlags: 0
  m_Script: {fileID: 11500000, guid: 6efce3e990ef9ca46adbc2298f38721e, type: 3}
  m_Name: 
  m_EditorClassIdentifier: 
--- !u!1 &7002215113135789009
GameObject:
  m_ObjectHideFlags: 0
  m_CorrespondingSourceObject: {fileID: 0}
  m_PrefabInstance: {fileID: 0}
  m_PrefabAsset: {fileID: 0}
  serializedVersion: 6
  m_Component:
  - component: {fileID: 7002215113135789010}
  - component: {fileID: 7002215113135789036}
  - component: {fileID: 7002215113135789011}
  m_Layer: 5
  m_Name: TMP SubMeshUI [arial SDF Material + arialbd SDF Atlas]
  m_TagString: Untagged
  m_Icon: {fileID: 0}
  m_NavMeshLayer: 0
  m_StaticEditorFlags: 0
  m_IsActive: 1
--- !u!224 &7002215113135789010
RectTransform:
  m_ObjectHideFlags: 0
  m_CorrespondingSourceObject: {fileID: 0}
  m_PrefabInstance: {fileID: 0}
  m_PrefabAsset: {fileID: 0}
  m_GameObject: {fileID: 7002215113135789009}
  m_LocalRotation: {x: 0, y: 0, z: 0, w: 1}
  m_LocalPosition: {x: 0, y: 0, z: 0}
  m_LocalScale: {x: 1, y: 1, z: 1}
  m_Children: []
  m_Father: {fileID: 7002215112019860315}
  m_RootOrder: 0
  m_LocalEulerAnglesHint: {x: 0, y: 0, z: 0}
  m_AnchorMin: {x: 0, y: 0}
  m_AnchorMax: {x: 1, y: 1}
  m_AnchoredPosition: {x: 0, y: 0}
  m_SizeDelta: {x: 0, y: 0}
  m_Pivot: {x: 0.5, y: 0.5}
--- !u!222 &7002215113135789036
CanvasRenderer:
  m_ObjectHideFlags: 0
  m_CorrespondingSourceObject: {fileID: 0}
  m_PrefabInstance: {fileID: 0}
  m_PrefabAsset: {fileID: 0}
  m_GameObject: {fileID: 7002215113135789009}
  m_CullTransparentMesh: 0
--- !u!114 &7002215113135789011
MonoBehaviour:
  m_ObjectHideFlags: 0
  m_CorrespondingSourceObject: {fileID: 0}
  m_PrefabInstance: {fileID: 0}
  m_PrefabAsset: {fileID: 0}
  m_GameObject: {fileID: 7002215113135789009}
  m_Enabled: 0
  m_EditorHideFlags: 0
  m_Script: {fileID: 11500000, guid: 058cba836c1846c3aa1c5fd2e28aea77, type: 3}
  m_Name: 
  m_EditorClassIdentifier: 
  m_Material: {fileID: 0}
  m_Color: {r: 1, g: 1, b: 1, a: 1}
  m_RaycastTarget: 1
  m_OnCullStateChanged:
    m_PersistentCalls:
      m_Calls: []
    m_TypeName: UnityEngine.UI.MaskableGraphic+CullStateChangedEvent, UnityEngine.UI,
      Version=1.0.0.0, Culture=neutral, PublicKeyToken=null
  m_fontAsset: {fileID: 11400000, guid: 9b426005fc28d0845b206a18928e96cf, type: 2}
  m_spriteAsset: {fileID: 0}
  m_material: {fileID: 0}
  m_sharedMaterial: {fileID: 0}
  m_isDefaultMaterial: 0
  m_padding: 0
  m_canvasRenderer: {fileID: 7002215113135789036}
  m_TextComponent: {fileID: 7002215112019860308}
  m_materialReferenceIndex: 1
--- !u!1001 &7002215111971732705
PrefabInstance:
  m_ObjectHideFlags: 0
  serializedVersion: 2
  m_Modification:
    m_TransformParent: {fileID: 3280129560825664448}
    m_Modifications:
    - target: {fileID: 6317868109004409459, guid: f21416489d6e76849b09c30ab6378315,
        type: 3}
      propertyPath: m_Name
      value: ImageBackgroundWhiteWithoutText
      objectReference: {fileID: 0}
    - target: {fileID: 4102182806672574395, guid: f21416489d6e76849b09c30ab6378315,
        type: 3}
      propertyPath: m_LocalPosition.x
      value: 0
      objectReference: {fileID: 0}
    - target: {fileID: 4102182806672574395, guid: f21416489d6e76849b09c30ab6378315,
        type: 3}
      propertyPath: m_LocalPosition.y
      value: 0
      objectReference: {fileID: 0}
    - target: {fileID: 4102182806672574395, guid: f21416489d6e76849b09c30ab6378315,
        type: 3}
      propertyPath: m_LocalPosition.z
      value: 0
      objectReference: {fileID: 0}
    - target: {fileID: 4102182806672574395, guid: f21416489d6e76849b09c30ab6378315,
        type: 3}
      propertyPath: m_LocalRotation.x
      value: -0
      objectReference: {fileID: 0}
    - target: {fileID: 4102182806672574395, guid: f21416489d6e76849b09c30ab6378315,
        type: 3}
      propertyPath: m_LocalRotation.y
      value: -0
      objectReference: {fileID: 0}
    - target: {fileID: 4102182806672574395, guid: f21416489d6e76849b09c30ab6378315,
        type: 3}
      propertyPath: m_LocalRotation.z
      value: -0
      objectReference: {fileID: 0}
    - target: {fileID: 4102182806672574395, guid: f21416489d6e76849b09c30ab6378315,
        type: 3}
      propertyPath: m_LocalRotation.w
      value: 1
      objectReference: {fileID: 0}
    - target: {fileID: 4102182806672574395, guid: f21416489d6e76849b09c30ab6378315,
        type: 3}
      propertyPath: m_RootOrder
      value: 1
      objectReference: {fileID: 0}
    - target: {fileID: 4102182806672574395, guid: f21416489d6e76849b09c30ab6378315,
        type: 3}
      propertyPath: m_LocalEulerAnglesHint.x
      value: 0
      objectReference: {fileID: 0}
    - target: {fileID: 4102182806672574395, guid: f21416489d6e76849b09c30ab6378315,
        type: 3}
      propertyPath: m_LocalEulerAnglesHint.y
      value: 0
      objectReference: {fileID: 0}
    - target: {fileID: 4102182806672574395, guid: f21416489d6e76849b09c30ab6378315,
        type: 3}
      propertyPath: m_LocalEulerAnglesHint.z
      value: 0
      objectReference: {fileID: 0}
    - target: {fileID: 4102182806672574395, guid: f21416489d6e76849b09c30ab6378315,
        type: 3}
      propertyPath: m_AnchoredPosition.x
      value: -3.709961
      objectReference: {fileID: 0}
    - target: {fileID: 4102182806672574395, guid: f21416489d6e76849b09c30ab6378315,
        type: 3}
      propertyPath: m_AnchoredPosition.y
      value: -8.859985
      objectReference: {fileID: 0}
    - target: {fileID: 4102182806672574395, guid: f21416489d6e76849b09c30ab6378315,
        type: 3}
      propertyPath: m_SizeDelta.x
      value: -118.130005
      objectReference: {fileID: 0}
    - target: {fileID: 4102182806672574395, guid: f21416489d6e76849b09c30ab6378315,
        type: 3}
      propertyPath: m_SizeDelta.y
      value: -117.71997
      objectReference: {fileID: 0}
    - target: {fileID: 4102182806672574395, guid: f21416489d6e76849b09c30ab6378315,
        type: 3}
      propertyPath: m_AnchorMin.x
      value: 0
      objectReference: {fileID: 0}
    - target: {fileID: 4102182806672574395, guid: f21416489d6e76849b09c30ab6378315,
        type: 3}
      propertyPath: m_AnchorMin.y
      value: 0
      objectReference: {fileID: 0}
    - target: {fileID: 4102182806672574395, guid: f21416489d6e76849b09c30ab6378315,
        type: 3}
      propertyPath: m_AnchorMax.x
      value: 1
      objectReference: {fileID: 0}
    - target: {fileID: 4102182806672574395, guid: f21416489d6e76849b09c30ab6378315,
        type: 3}
      propertyPath: m_AnchorMax.y
      value: 1
      objectReference: {fileID: 0}
    - target: {fileID: 4102182806672574395, guid: f21416489d6e76849b09c30ab6378315,
        type: 3}
      propertyPath: m_Pivot.x
      value: 0.5
      objectReference: {fileID: 0}
    - target: {fileID: 4102182806672574395, guid: f21416489d6e76849b09c30ab6378315,
        type: 3}
      propertyPath: m_Pivot.y
      value: 0.5
      objectReference: {fileID: 0}
    m_RemovedComponents: []
  m_SourcePrefab: {fileID: 100100000, guid: f21416489d6e76849b09c30ab6378315, type: 3}
--- !u!224 &6467516565450226522 stripped
RectTransform:
  m_CorrespondingSourceObject: {fileID: 4102182806672574395, guid: f21416489d6e76849b09c30ab6378315,
    type: 3}
  m_PrefabInstance: {fileID: 7002215111971732705}
  m_PrefabAsset: {fileID: 0}
--- !u!1001 &7002215113563860158
PrefabInstance:
  m_ObjectHideFlags: 0
  serializedVersion: 2
  m_Modification:
    m_TransformParent: {fileID: 3280129560825664448}
    m_Modifications:
    - target: {fileID: 7904753494986838526, guid: e367f04d310338a41877915eb82cf3c6,
        type: 3}
      propertyPath: m_Name
      value: ButtonBig
      objectReference: {fileID: 0}
    - target: {fileID: 7974596667547907564, guid: e367f04d310338a41877915eb82cf3c6,
        type: 3}
      propertyPath: m_LocalPosition.x
      value: 0
      objectReference: {fileID: 0}
    - target: {fileID: 7974596667547907564, guid: e367f04d310338a41877915eb82cf3c6,
        type: 3}
      propertyPath: m_LocalPosition.y
      value: 0
      objectReference: {fileID: 0}
    - target: {fileID: 7974596667547907564, guid: e367f04d310338a41877915eb82cf3c6,
        type: 3}
      propertyPath: m_LocalPosition.z
      value: 0
      objectReference: {fileID: 0}
    - target: {fileID: 7974596667547907564, guid: e367f04d310338a41877915eb82cf3c6,
        type: 3}
      propertyPath: m_LocalRotation.x
      value: -0
      objectReference: {fileID: 0}
    - target: {fileID: 7974596667547907564, guid: e367f04d310338a41877915eb82cf3c6,
        type: 3}
      propertyPath: m_LocalRotation.y
      value: -0
      objectReference: {fileID: 0}
    - target: {fileID: 7974596667547907564, guid: e367f04d310338a41877915eb82cf3c6,
        type: 3}
      propertyPath: m_LocalRotation.z
      value: -0
      objectReference: {fileID: 0}
    - target: {fileID: 7974596667547907564, guid: e367f04d310338a41877915eb82cf3c6,
        type: 3}
      propertyPath: m_LocalRotation.w
      value: 1
      objectReference: {fileID: 0}
    - target: {fileID: 7974596667547907564, guid: e367f04d310338a41877915eb82cf3c6,
        type: 3}
      propertyPath: m_RootOrder
      value: 2
      objectReference: {fileID: 0}
    - target: {fileID: 7974596667547907564, guid: e367f04d310338a41877915eb82cf3c6,
        type: 3}
      propertyPath: m_LocalEulerAnglesHint.x
      value: 0
      objectReference: {fileID: 0}
    - target: {fileID: 7974596667547907564, guid: e367f04d310338a41877915eb82cf3c6,
        type: 3}
      propertyPath: m_LocalEulerAnglesHint.y
      value: 0
      objectReference: {fileID: 0}
    - target: {fileID: 7974596667547907564, guid: e367f04d310338a41877915eb82cf3c6,
        type: 3}
      propertyPath: m_LocalEulerAnglesHint.z
      value: 0
      objectReference: {fileID: 0}
    - target: {fileID: 7974596667547907564, guid: e367f04d310338a41877915eb82cf3c6,
        type: 3}
      propertyPath: m_AnchoredPosition.x
      value: 0
      objectReference: {fileID: 0}
    - target: {fileID: 7974596667547907564, guid: e367f04d310338a41877915eb82cf3c6,
        type: 3}
      propertyPath: m_AnchoredPosition.y
      value: 0
      objectReference: {fileID: 0}
    - target: {fileID: 7974596667547907564, guid: e367f04d310338a41877915eb82cf3c6,
        type: 3}
      propertyPath: m_SizeDelta.x
      value: 270
      objectReference: {fileID: 0}
    - target: {fileID: 7974596667547907564, guid: e367f04d310338a41877915eb82cf3c6,
        type: 3}
      propertyPath: m_SizeDelta.y
      value: 101
      objectReference: {fileID: 0}
    - target: {fileID: 7974596667547907564, guid: e367f04d310338a41877915eb82cf3c6,
        type: 3}
      propertyPath: m_AnchorMin.x
      value: 0.5
      objectReference: {fileID: 0}
    - target: {fileID: 7974596667547907564, guid: e367f04d310338a41877915eb82cf3c6,
        type: 3}
      propertyPath: m_AnchorMin.y
      value: 0
      objectReference: {fileID: 0}
    - target: {fileID: 7974596667547907564, guid: e367f04d310338a41877915eb82cf3c6,
        type: 3}
      propertyPath: m_AnchorMax.x
      value: 0.5
      objectReference: {fileID: 0}
    - target: {fileID: 7974596667547907564, guid: e367f04d310338a41877915eb82cf3c6,
        type: 3}
      propertyPath: m_AnchorMax.y
      value: 0
      objectReference: {fileID: 0}
    - target: {fileID: 7974596667547907564, guid: e367f04d310338a41877915eb82cf3c6,
        type: 3}
      propertyPath: m_Pivot.x
      value: 0.5
      objectReference: {fileID: 0}
    - target: {fileID: 7974596667547907564, guid: e367f04d310338a41877915eb82cf3c6,
        type: 3}
      propertyPath: m_Pivot.y
      value: 0.5
      objectReference: {fileID: 0}
    - target: {fileID: 7904720677958686682, guid: e367f04d310338a41877915eb82cf3c6,
        type: 3}
      propertyPath: m_Name
      value: TextAceptar
      objectReference: {fileID: 0}
    - target: {fileID: 7162916589246232468, guid: e367f04d310338a41877915eb82cf3c6,
        type: 3}
      propertyPath: m_textInfo.characterCount
      value: 7
      objectReference: {fileID: 0}
    - target: {fileID: 7162916589246232468, guid: e367f04d310338a41877915eb82cf3c6,
        type: 3}
      propertyPath: m_textInfo.wordCount
      value: 1
      objectReference: {fileID: 0}
    - target: {fileID: 7162916589246232468, guid: e367f04d310338a41877915eb82cf3c6,
        type: 3}
      propertyPath: m_textInfo.lineCount
      value: 1
      objectReference: {fileID: 0}
    - target: {fileID: 7162916589246232468, guid: e367f04d310338a41877915eb82cf3c6,
        type: 3}
      propertyPath: m_textInfo.pageCount
      value: 1
      objectReference: {fileID: 0}
    - target: {fileID: 7162916589246232468, guid: e367f04d310338a41877915eb82cf3c6,
        type: 3}
      propertyPath: m_text
      value: ACEPTAR
      objectReference: {fileID: 0}
    m_RemovedComponents: []
  m_SourcePrefab: {fileID: 100100000, guid: e367f04d310338a41877915eb82cf3c6, type: 3}
--- !u!224 &1119048717164124498 stripped
RectTransform:
  m_CorrespondingSourceObject: {fileID: 7974596667547907564, guid: e367f04d310338a41877915eb82cf3c6,
    type: 3}
  m_PrefabInstance: {fileID: 7002215113563860158}
  m_PrefabAsset: {fileID: 0}
--- !u!1001 &7002215113912002733
PrefabInstance:
  m_ObjectHideFlags: 0
  serializedVersion: 2
  m_Modification:
    m_TransformParent: {fileID: 6304960605950817420}
    m_Modifications:
    - target: {fileID: 3969301256639178596, guid: 9dc857311f16d774597df03206fa07aa,
        type: 3}
      propertyPath: m_Name
      value: ToggleRealizarPreparacionSuelo
      objectReference: {fileID: 0}
    - target: {fileID: 4300592551194032971, guid: 9dc857311f16d774597df03206fa07aa,
        type: 3}
      propertyPath: m_LocalPosition.x
      value: 0
      objectReference: {fileID: 0}
    - target: {fileID: 4300592551194032971, guid: 9dc857311f16d774597df03206fa07aa,
        type: 3}
      propertyPath: m_LocalPosition.y
      value: 0
      objectReference: {fileID: 0}
    - target: {fileID: 4300592551194032971, guid: 9dc857311f16d774597df03206fa07aa,
        type: 3}
      propertyPath: m_LocalPosition.z
      value: 0
      objectReference: {fileID: 0}
    - target: {fileID: 4300592551194032971, guid: 9dc857311f16d774597df03206fa07aa,
        type: 3}
      propertyPath: m_LocalRotation.x
      value: 0
      objectReference: {fileID: 0}
    - target: {fileID: 4300592551194032971, guid: 9dc857311f16d774597df03206fa07aa,
        type: 3}
      propertyPath: m_LocalRotation.y
      value: 0
      objectReference: {fileID: 0}
    - target: {fileID: 4300592551194032971, guid: 9dc857311f16d774597df03206fa07aa,
        type: 3}
      propertyPath: m_LocalRotation.z
      value: 0
      objectReference: {fileID: 0}
    - target: {fileID: 4300592551194032971, guid: 9dc857311f16d774597df03206fa07aa,
        type: 3}
      propertyPath: m_LocalRotation.w
      value: 1
      objectReference: {fileID: 0}
    - target: {fileID: 4300592551194032971, guid: 9dc857311f16d774597df03206fa07aa,
        type: 3}
      propertyPath: m_RootOrder
      value: 1
      objectReference: {fileID: 0}
    - target: {fileID: 4300592551194032971, guid: 9dc857311f16d774597df03206fa07aa,
        type: 3}
      propertyPath: m_LocalEulerAnglesHint.x
      value: 0
      objectReference: {fileID: 0}
    - target: {fileID: 4300592551194032971, guid: 9dc857311f16d774597df03206fa07aa,
        type: 3}
      propertyPath: m_LocalEulerAnglesHint.y
      value: 0
      objectReference: {fileID: 0}
    - target: {fileID: 4300592551194032971, guid: 9dc857311f16d774597df03206fa07aa,
        type: 3}
      propertyPath: m_LocalEulerAnglesHint.z
      value: 0
      objectReference: {fileID: 0}
    - target: {fileID: 4300592551194032971, guid: 9dc857311f16d774597df03206fa07aa,
        type: 3}
      propertyPath: m_AnchoredPosition.x
      value: 267.89502
      objectReference: {fileID: 0}
    - target: {fileID: 4300592551194032971, guid: 9dc857311f16d774597df03206fa07aa,
        type: 3}
      propertyPath: m_AnchoredPosition.y
      value: -121
      objectReference: {fileID: 0}
    - target: {fileID: 4300592551194032971, guid: 9dc857311f16d774597df03206fa07aa,
        type: 3}
      propertyPath: m_SizeDelta.y
      value: 60
      objectReference: {fileID: 0}
    - target: {fileID: 4300592551194032971, guid: 9dc857311f16d774597df03206fa07aa,
        type: 3}
      propertyPath: m_AnchorMin.x
      value: 0
      objectReference: {fileID: 0}
    - target: {fileID: 4300592551194032971, guid: 9dc857311f16d774597df03206fa07aa,
        type: 3}
      propertyPath: m_AnchorMin.y
      value: 1
      objectReference: {fileID: 0}
    - target: {fileID: 4300592551194032971, guid: 9dc857311f16d774597df03206fa07aa,
        type: 3}
      propertyPath: m_AnchorMax.x
      value: 0
      objectReference: {fileID: 0}
    - target: {fileID: 4300592551194032971, guid: 9dc857311f16d774597df03206fa07aa,
        type: 3}
      propertyPath: m_AnchorMax.y
      value: 1
      objectReference: {fileID: 0}
    - target: {fileID: 4300592551194032971, guid: 9dc857311f16d774597df03206fa07aa,
        type: 3}
      propertyPath: m_Pivot.x
      value: 0.5
      objectReference: {fileID: 0}
    - target: {fileID: 4300592551194032971, guid: 9dc857311f16d774597df03206fa07aa,
        type: 3}
      propertyPath: m_Pivot.y
      value: 0.5
      objectReference: {fileID: 0}
    - target: {fileID: 4300592551194032971, guid: 9dc857311f16d774597df03206fa07aa,
        type: 3}
      propertyPath: m_SizeDelta.x
      value: 535.79004
      objectReference: {fileID: 0}
    - target: {fileID: 4148688722543445715, guid: 9dc857311f16d774597df03206fa07aa,
        type: 3}
      propertyPath: m_AnchorMin.y
      value: 1
      objectReference: {fileID: 0}
    - target: {fileID: 4148688722543445715, guid: 9dc857311f16d774597df03206fa07aa,
        type: 3}
      propertyPath: m_AnchorMax.y
      value: 1
      objectReference: {fileID: 0}
    - target: {fileID: 4148688722543445715, guid: 9dc857311f16d774597df03206fa07aa,
        type: 3}
      propertyPath: m_AnchoredPosition.x
      value: 30
      objectReference: {fileID: 0}
    - target: {fileID: 4148688722543445715, guid: 9dc857311f16d774597df03206fa07aa,
        type: 3}
      propertyPath: m_AnchoredPosition.y
      value: -30
      objectReference: {fileID: 0}
    - target: {fileID: 4148688722543445715, guid: 9dc857311f16d774597df03206fa07aa,
        type: 3}
      propertyPath: m_SizeDelta.y
      value: 60
      objectReference: {fileID: 0}
    - target: {fileID: 687136667538890660, guid: 9dc857311f16d774597df03206fa07aa,
        type: 3}
      propertyPath: m_AnchorMin.y
      value: 1
      objectReference: {fileID: 0}
    - target: {fileID: 687136667538890660, guid: 9dc857311f16d774597df03206fa07aa,
        type: 3}
      propertyPath: m_AnchorMax.y
      value: 1
      objectReference: {fileID: 0}
    - target: {fileID: 687136667538890660, guid: 9dc857311f16d774597df03206fa07aa,
        type: 3}
      propertyPath: m_SizeDelta.y
      value: 36.87
      objectReference: {fileID: 0}
    - target: {fileID: 687136667538890660, guid: 9dc857311f16d774597df03206fa07aa,
        type: 3}
      propertyPath: m_SizeDelta.x
      value: 445.79
      objectReference: {fileID: 0}
    - target: {fileID: 687136667538890660, guid: 9dc857311f16d774597df03206fa07aa,
        type: 3}
      propertyPath: m_AnchoredPosition.x
      value: 312.89502
      objectReference: {fileID: 0}
    - target: {fileID: 687136667538890660, guid: 9dc857311f16d774597df03206fa07aa,
        type: 3}
      propertyPath: m_AnchoredPosition.y
      value: -30
      objectReference: {fileID: 0}
    - target: {fileID: 761593920516003952, guid: 9dc857311f16d774597df03206fa07aa,
        type: 3}
      propertyPath: m_Name
      value: TextToggleRealizarPreparacionSuelo
      objectReference: {fileID: 0}
    - target: {fileID: 5819598997062305103, guid: 9dc857311f16d774597df03206fa07aa,
        type: 3}
      propertyPath: m_ChildControlWidth
      value: 0
      objectReference: {fileID: 0}
    - target: {fileID: 5819598997062305103, guid: 9dc857311f16d774597df03206fa07aa,
        type: 3}
      propertyPath: m_ChildForceExpandWidth
      value: 0
      objectReference: {fileID: 0}
    - target: {fileID: 2519366053920547693, guid: 9dc857311f16d774597df03206fa07aa,
        type: 3}
      propertyPath: m_textInfo.characterCount
      value: 30
      objectReference: {fileID: 0}
    - target: {fileID: 2519366053920547693, guid: 9dc857311f16d774597df03206fa07aa,
        type: 3}
      propertyPath: m_textInfo.wordCount
      value: 4
      objectReference: {fileID: 0}
    - target: {fileID: 2519366053920547693, guid: 9dc857311f16d774597df03206fa07aa,
        type: 3}
      propertyPath: m_textInfo.lineCount
      value: 1
      objectReference: {fileID: 0}
    - target: {fileID: 2519366053920547693, guid: 9dc857311f16d774597df03206fa07aa,
        type: 3}
      propertyPath: m_textInfo.pageCount
      value: 1
      objectReference: {fileID: 0}
    - target: {fileID: 2519366053920547693, guid: 9dc857311f16d774597df03206fa07aa,
        type: 3}
      propertyPath: m_text
      value: "Realizar preparaci\xF3n del suelo"
      objectReference: {fileID: 0}
    - target: {fileID: 2519366053920547693, guid: 9dc857311f16d774597df03206fa07aa,
        type: 3}
      propertyPath: m_textInfo.spaceCount
      value: 3
      objectReference: {fileID: 0}
    m_RemovedComponents: []
  m_SourcePrefab: {fileID: 100100000, guid: 9dc857311f16d774597df03206fa07aa, type: 3}
--- !u!1001 &7002215113940449465
PrefabInstance:
  m_ObjectHideFlags: 0
  serializedVersion: 2
  m_Modification:
    m_TransformParent: {fileID: 6467516565450226522}
    m_Modifications:
    - target: {fileID: 422866946243320649, guid: 4eedd15b339c49e41b961a601e165716,
        type: 3}
      propertyPath: m_Name
      value: ListContainerToggles
      objectReference: {fileID: 0}
    - target: {fileID: 422866946243320649, guid: 4eedd15b339c49e41b961a601e165716,
        type: 3}
      propertyPath: m_IsActive
      value: 1
      objectReference: {fileID: 0}
    - target: {fileID: 3914584444669594677, guid: 4eedd15b339c49e41b961a601e165716,
        type: 3}
      propertyPath: m_LocalPosition.x
      value: 0
      objectReference: {fileID: 0}
    - target: {fileID: 3914584444669594677, guid: 4eedd15b339c49e41b961a601e165716,
        type: 3}
      propertyPath: m_LocalPosition.y
      value: 0
      objectReference: {fileID: 0}
    - target: {fileID: 3914584444669594677, guid: 4eedd15b339c49e41b961a601e165716,
        type: 3}
      propertyPath: m_LocalPosition.z
      value: 0
      objectReference: {fileID: 0}
    - target: {fileID: 3914584444669594677, guid: 4eedd15b339c49e41b961a601e165716,
        type: 3}
      propertyPath: m_LocalRotation.x
      value: -0
      objectReference: {fileID: 0}
    - target: {fileID: 3914584444669594677, guid: 4eedd15b339c49e41b961a601e165716,
        type: 3}
      propertyPath: m_LocalRotation.y
      value: -0
      objectReference: {fileID: 0}
    - target: {fileID: 3914584444669594677, guid: 4eedd15b339c49e41b961a601e165716,
        type: 3}
      propertyPath: m_LocalRotation.z
      value: -0
      objectReference: {fileID: 0}
    - target: {fileID: 3914584444669594677, guid: 4eedd15b339c49e41b961a601e165716,
        type: 3}
      propertyPath: m_LocalRotation.w
      value: 1
      objectReference: {fileID: 0}
    - target: {fileID: 3914584444669594677, guid: 4eedd15b339c49e41b961a601e165716,
        type: 3}
      propertyPath: m_RootOrder
      value: 1
      objectReference: {fileID: 0}
    - target: {fileID: 3914584444669594677, guid: 4eedd15b339c49e41b961a601e165716,
        type: 3}
      propertyPath: m_LocalEulerAnglesHint.x
      value: 0
      objectReference: {fileID: 0}
    - target: {fileID: 3914584444669594677, guid: 4eedd15b339c49e41b961a601e165716,
        type: 3}
      propertyPath: m_LocalEulerAnglesHint.y
      value: 0
      objectReference: {fileID: 0}
    - target: {fileID: 3914584444669594677, guid: 4eedd15b339c49e41b961a601e165716,
        type: 3}
      propertyPath: m_LocalEulerAnglesHint.z
      value: 0
      objectReference: {fileID: 0}
    - target: {fileID: 3914584444669594677, guid: 4eedd15b339c49e41b961a601e165716,
        type: 3}
      propertyPath: m_AnchoredPosition.x
      value: 0
      objectReference: {fileID: 0}
    - target: {fileID: 3914584444669594677, guid: 4eedd15b339c49e41b961a601e165716,
        type: 3}
      propertyPath: m_AnchoredPosition.y
      value: 83
      objectReference: {fileID: 0}
    - target: {fileID: 3914584444669594677, guid: 4eedd15b339c49e41b961a601e165716,
        type: 3}
      propertyPath: m_SizeDelta.x
      value: -381.47998
      objectReference: {fileID: 0}
    - target: {fileID: 3914584444669594677, guid: 4eedd15b339c49e41b961a601e165716,
        type: 3}
      propertyPath: m_SizeDelta.y
      value: 151
      objectReference: {fileID: 0}
    - target: {fileID: 3914584444669594677, guid: 4eedd15b339c49e41b961a601e165716,
        type: 3}
      propertyPath: m_AnchorMin.x
      value: 0
      objectReference: {fileID: 0}
    - target: {fileID: 3914584444669594677, guid: 4eedd15b339c49e41b961a601e165716,
        type: 3}
      propertyPath: m_AnchorMin.y
      value: 0.5
      objectReference: {fileID: 0}
    - target: {fileID: 3914584444669594677, guid: 4eedd15b339c49e41b961a601e165716,
        type: 3}
      propertyPath: m_AnchorMax.x
      value: 1
      objectReference: {fileID: 0}
    - target: {fileID: 3914584444669594677, guid: 4eedd15b339c49e41b961a601e165716,
        type: 3}
      propertyPath: m_AnchorMax.y
      value: 0.5
      objectReference: {fileID: 0}
    - target: {fileID: 3914584444669594677, guid: 4eedd15b339c49e41b961a601e165716,
        type: 3}
      propertyPath: m_Pivot.x
      value: 0.5
      objectReference: {fileID: 0}
    - target: {fileID: 3914584444669594677, guid: 4eedd15b339c49e41b961a601e165716,
        type: 3}
      propertyPath: m_Pivot.y
      value: 1
      objectReference: {fileID: 0}
    - target: {fileID: 3914584444669594677, guid: 4eedd15b339c49e41b961a601e165716,
        type: 3}
      propertyPath: m_LocalScale.z
      value: 0
      objectReference: {fileID: 0}
    - target: {fileID: 4024440270153731618, guid: 4eedd15b339c49e41b961a601e165716,
        type: 3}
      propertyPath: m_AnchorMin.y
      value: 1
      objectReference: {fileID: 0}
    - target: {fileID: 4024440270153731618, guid: 4eedd15b339c49e41b961a601e165716,
        type: 3}
      propertyPath: m_AnchorMax.y
      value: 1
      objectReference: {fileID: 0}
    - target: {fileID: 4024440270153731618, guid: 4eedd15b339c49e41b961a601e165716,
        type: 3}
      propertyPath: m_AnchoredPosition.x
      value: 0
      objectReference: {fileID: 0}
    - target: {fileID: 4024440270153731618, guid: 4eedd15b339c49e41b961a601e165716,
        type: 3}
      propertyPath: m_AnchoredPosition.y
      value: -30
      objectReference: {fileID: 0}
    - target: {fileID: 4024440270153731618, guid: 4eedd15b339c49e41b961a601e165716,
        type: 3}
      propertyPath: m_SizeDelta.x
      value: 510.11
      objectReference: {fileID: 0}
    - target: {fileID: 4279162159070138893, guid: 4eedd15b339c49e41b961a601e165716,
        type: 3}
      propertyPath: m_Name
      value: ToggleInstalarAnalizadorSuelos
      objectReference: {fileID: 0}
    - target: {fileID: 4279162159070138893, guid: 4eedd15b339c49e41b961a601e165716,
        type: 3}
      propertyPath: m_IsActive
      value: 1
      objectReference: {fileID: 0}
    - target: {fileID: 3883355566890365882, guid: 4eedd15b339c49e41b961a601e165716,
        type: 3}
      propertyPath: m_AnchorMin.y
      value: 1
      objectReference: {fileID: 0}
    - target: {fileID: 3883355566890365882, guid: 4eedd15b339c49e41b961a601e165716,
        type: 3}
      propertyPath: m_AnchorMax.y
      value: 1
      objectReference: {fileID: 0}
    - target: {fileID: 3883355566890365882, guid: 4eedd15b339c49e41b961a601e165716,
        type: 3}
      propertyPath: m_AnchoredPosition.x
      value: 30
      objectReference: {fileID: 0}
    - target: {fileID: 3883355566890365882, guid: 4eedd15b339c49e41b961a601e165716,
        type: 3}
      propertyPath: m_AnchoredPosition.y
      value: -30
      objectReference: {fileID: 0}
    - target: {fileID: 3883355566890365882, guid: 4eedd15b339c49e41b961a601e165716,
        type: 3}
      propertyPath: m_SizeDelta.y
      value: 60
      objectReference: {fileID: 0}
    - target: {fileID: 431881644125399757, guid: 4eedd15b339c49e41b961a601e165716,
        type: 3}
      propertyPath: m_AnchorMin.y
      value: 1
      objectReference: {fileID: 0}
    - target: {fileID: 431881644125399757, guid: 4eedd15b339c49e41b961a601e165716,
        type: 3}
      propertyPath: m_AnchorMax.y
      value: 1
      objectReference: {fileID: 0}
    - target: {fileID: 431881644125399757, guid: 4eedd15b339c49e41b961a601e165716,
        type: 3}
      propertyPath: m_SizeDelta.y
      value: 36.87
      objectReference: {fileID: 0}
    - target: {fileID: 431881644125399757, guid: 4eedd15b339c49e41b961a601e165716,
        type: 3}
      propertyPath: m_SizeDelta.x
      value: 420.11
      objectReference: {fileID: 0}
    - target: {fileID: 431881644125399757, guid: 4eedd15b339c49e41b961a601e165716,
        type: 3}
      propertyPath: m_AnchoredPosition.x
      value: 300.055
      objectReference: {fileID: 0}
    - target: {fileID: 431881644125399757, guid: 4eedd15b339c49e41b961a601e165716,
        type: 3}
      propertyPath: m_AnchoredPosition.y
      value: -30
      objectReference: {fileID: 0}
    - target: {fileID: 1476614261253153037, guid: 4eedd15b339c49e41b961a601e165716,
        type: 3}
      propertyPath: m_ChildControlWidth
      value: 0
      objectReference: {fileID: 0}
    - target: {fileID: 1476614261253153037, guid: 4eedd15b339c49e41b961a601e165716,
        type: 3}
      propertyPath: m_ChildForceExpandWidth
      value: 0
      objectReference: {fileID: 0}
    - target: {fileID: 497314173221481753, guid: 4eedd15b339c49e41b961a601e165716,
        type: 3}
      propertyPath: m_Name
      value: TextToggleInstaladorAnalizadorSuelo
      objectReference: {fileID: 0}
    - target: {fileID: 6680024955188965414, guid: 4eedd15b339c49e41b961a601e165716,
        type: 3}
      propertyPath: m_ChildControlWidth
      value: 0
      objectReference: {fileID: 0}
    - target: {fileID: 6680024955188965414, guid: 4eedd15b339c49e41b961a601e165716,
        type: 3}
      propertyPath: m_ChildForceExpandWidth
      value: 0
      objectReference: {fileID: 0}
    - target: {fileID: 3351240155016631812, guid: 4eedd15b339c49e41b961a601e165716,
        type: 3}
      propertyPath: m_textInfo.characterCount
      value: 30
      objectReference: {fileID: 0}
    - target: {fileID: 3351240155016631812, guid: 4eedd15b339c49e41b961a601e165716,
        type: 3}
      propertyPath: m_textInfo.wordCount
      value: 4
      objectReference: {fileID: 0}
    - target: {fileID: 3351240155016631812, guid: 4eedd15b339c49e41b961a601e165716,
        type: 3}
      propertyPath: m_textInfo.lineCount
      value: 1
      objectReference: {fileID: 0}
    - target: {fileID: 3351240155016631812, guid: 4eedd15b339c49e41b961a601e165716,
        type: 3}
      propertyPath: m_textInfo.pageCount
      value: 1
      objectReference: {fileID: 0}
    - target: {fileID: 3351240155016631812, guid: 4eedd15b339c49e41b961a601e165716,
        type: 3}
      propertyPath: m_text
      value: 'Instalar analizador de suelos

'
      objectReference: {fileID: 0}
    - target: {fileID: 3351240155016631812, guid: 4eedd15b339c49e41b961a601e165716,
        type: 3}
      propertyPath: m_textInfo.spaceCount
      value: 4
      objectReference: {fileID: 0}
    m_RemovedComponents: []
  m_SourcePrefab: {fileID: 100100000, guid: 4eedd15b339c49e41b961a601e165716, type: 3}
--- !u!224 &6304960605950817420 stripped
RectTransform:
  m_CorrespondingSourceObject: {fileID: 3914584444669594677, guid: 4eedd15b339c49e41b961a601e165716,
    type: 3}
  m_PrefabInstance: {fileID: 7002215113940449465}
  m_PrefabAsset: {fileID: 0}
--- !u!1001 &7728104994072469690
PrefabInstance:
  m_ObjectHideFlags: 0
  serializedVersion: 2
  m_Modification:
    m_TransformParent: {fileID: 3280129560825664448}
    m_Modifications:
    - target: {fileID: 5950498107782074715, guid: 160f93505d357b94f8f8d93252f785b7,
        type: 3}
      propertyPath: m_Name
      value: HeaderWindowWithText
      objectReference: {fileID: 0}
    - target: {fileID: 5876103708440103463, guid: 160f93505d357b94f8f8d93252f785b7,
        type: 3}
      propertyPath: m_LocalPosition.x
      value: 0
      objectReference: {fileID: 0}
    - target: {fileID: 5876103708440103463, guid: 160f93505d357b94f8f8d93252f785b7,
        type: 3}
      propertyPath: m_LocalPosition.y
      value: 0
      objectReference: {fileID: 0}
    - target: {fileID: 5876103708440103463, guid: 160f93505d357b94f8f8d93252f785b7,
        type: 3}
      propertyPath: m_LocalPosition.z
      value: 0
      objectReference: {fileID: 0}
    - target: {fileID: 5876103708440103463, guid: 160f93505d357b94f8f8d93252f785b7,
        type: 3}
      propertyPath: m_LocalRotation.x
      value: 0
      objectReference: {fileID: 0}
    - target: {fileID: 5876103708440103463, guid: 160f93505d357b94f8f8d93252f785b7,
        type: 3}
      propertyPath: m_LocalRotation.y
      value: 0
      objectReference: {fileID: 0}
    - target: {fileID: 5876103708440103463, guid: 160f93505d357b94f8f8d93252f785b7,
        type: 3}
      propertyPath: m_LocalRotation.z
      value: 0
      objectReference: {fileID: 0}
    - target: {fileID: 5876103708440103463, guid: 160f93505d357b94f8f8d93252f785b7,
        type: 3}
      propertyPath: m_LocalRotation.w
      value: 1
      objectReference: {fileID: 0}
    - target: {fileID: 5876103708440103463, guid: 160f93505d357b94f8f8d93252f785b7,
        type: 3}
      propertyPath: m_RootOrder
      value: 0
      objectReference: {fileID: 0}
    - target: {fileID: 5876103708440103463, guid: 160f93505d357b94f8f8d93252f785b7,
        type: 3}
      propertyPath: m_LocalEulerAnglesHint.x
      value: 0
      objectReference: {fileID: 0}
    - target: {fileID: 5876103708440103463, guid: 160f93505d357b94f8f8d93252f785b7,
        type: 3}
      propertyPath: m_LocalEulerAnglesHint.y
      value: 0
      objectReference: {fileID: 0}
    - target: {fileID: 5876103708440103463, guid: 160f93505d357b94f8f8d93252f785b7,
        type: 3}
      propertyPath: m_LocalEulerAnglesHint.z
      value: 0
      objectReference: {fileID: 0}
    - target: {fileID: 5876103708440103463, guid: 160f93505d357b94f8f8d93252f785b7,
        type: 3}
      propertyPath: m_AnchoredPosition.x
      value: 0
      objectReference: {fileID: 0}
    - target: {fileID: 5876103708440103463, guid: 160f93505d357b94f8f8d93252f785b7,
        type: 3}
      propertyPath: m_AnchoredPosition.y
      value: 0
      objectReference: {fileID: 0}
    - target: {fileID: 5876103708440103463, guid: 160f93505d357b94f8f8d93252f785b7,
        type: 3}
      propertyPath: m_SizeDelta.x
      value: 0
      objectReference: {fileID: 0}
    - target: {fileID: 5876103708440103463, guid: 160f93505d357b94f8f8d93252f785b7,
        type: 3}
      propertyPath: m_SizeDelta.y
      value: 114
      objectReference: {fileID: 0}
    - target: {fileID: 5876103708440103463, guid: 160f93505d357b94f8f8d93252f785b7,
        type: 3}
      propertyPath: m_AnchorMin.x
      value: -0.03
      objectReference: {fileID: 0}
    - target: {fileID: 5876103708440103463, guid: 160f93505d357b94f8f8d93252f785b7,
        type: 3}
      propertyPath: m_AnchorMin.y
      value: 0.98
      objectReference: {fileID: 0}
    - target: {fileID: 5876103708440103463, guid: 160f93505d357b94f8f8d93252f785b7,
        type: 3}
      propertyPath: m_AnchorMax.x
      value: 0.91
      objectReference: {fileID: 0}
    - target: {fileID: 5876103708440103463, guid: 160f93505d357b94f8f8d93252f785b7,
        type: 3}
      propertyPath: m_AnchorMax.y
      value: 0.98
      objectReference: {fileID: 0}
    - target: {fileID: 5876103708440103463, guid: 160f93505d357b94f8f8d93252f785b7,
        type: 3}
      propertyPath: m_Pivot.x
      value: 0.5
      objectReference: {fileID: 0}
    - target: {fileID: 5876103708440103463, guid: 160f93505d357b94f8f8d93252f785b7,
        type: 3}
      propertyPath: m_Pivot.y
      value: 0.5
      objectReference: {fileID: 0}
    - target: {fileID: 5875698455382567607, guid: 160f93505d357b94f8f8d93252f785b7,
        type: 3}
      propertyPath: m_SizeDelta.x
      value: 305.86
      objectReference: {fileID: 0}
    - target: {fileID: 5950685038396704707, guid: 160f93505d357b94f8f8d93252f785b7,
        type: 3}
      propertyPath: m_Name
      value: TextPreparacionSuelo
      objectReference: {fileID: 0}
    - target: {fileID: 656959486078548542, guid: 160f93505d357b94f8f8d93252f785b7,
        type: 3}
      propertyPath: m_textInfo.characterCount
      value: 21
      objectReference: {fileID: 0}
    - target: {fileID: 656959486078548542, guid: 160f93505d357b94f8f8d93252f785b7,
        type: 3}
      propertyPath: m_textInfo.spaceCount
      value: 2
      objectReference: {fileID: 0}
    - target: {fileID: 656959486078548542, guid: 160f93505d357b94f8f8d93252f785b7,
        type: 3}
      propertyPath: m_textInfo.wordCount
      value: 3
      objectReference: {fileID: 0}
    - target: {fileID: 656959486078548542, guid: 160f93505d357b94f8f8d93252f785b7,
        type: 3}
      propertyPath: m_textInfo.lineCount
      value: 1
      objectReference: {fileID: 0}
    - target: {fileID: 656959486078548542, guid: 160f93505d357b94f8f8d93252f785b7,
        type: 3}
      propertyPath: m_textInfo.pageCount
      value: 1
      objectReference: {fileID: 0}
    - target: {fileID: 656959486078548542, guid: 160f93505d357b94f8f8d93252f785b7,
        type: 3}
      propertyPath: m_text
      value: "PREPARACI\xD3N DEL SUELO"
      objectReference: {fileID: 0}
    m_RemovedComponents: []
  m_SourcePrefab: {fileID: 100100000, guid: 160f93505d357b94f8f8d93252f785b7, type: 3}
--- !u!224 &4229904500236823197 stripped
RectTransform:
  m_CorrespondingSourceObject: {fileID: 5876103708440103463, guid: 160f93505d357b94f8f8d93252f785b7,
    type: 3}
  m_PrefabInstance: {fileID: 7728104994072469690}
  m_PrefabAsset: {fileID: 0}
